@misc{memegen,
	title = {\url{https://memegenerator.net}}
}

@misc{ann_wiki,
	title = {\url{https://en.wikipedia.org/wiki/Artificial_neural_network#/media/File:Colored_neural_network.svg}}
}